@online{wikipedia_tf_idf,
  author       = {{Wikipedia contributors}},
  title        = {TF-IDF --- {Wikipedia, The Free Encyclopedia}},
  year         = {2024},
  url          = {https://en.wikipedia.org/wiki/Tf%E2%80%93idf},
  note         = {Accessed: 2024-11-19}
}

@online{wikipedia_kmp,
  author       = {{Wikipedia contributors}},
  title        = {Knuth–Morris–Pratt Algorithm --- {Wikipedia, The Free Encyclopedia}},
  year         = {2024},
  url          = {https://en.wikipedia.org/wiki/Knuth%E2%80%93Morris%E2%80%93Pratt_algorithm},
  note         = {Accessed: 2024-11-19}
}

@misc{porter_stemmer,
  author       = {Martin Porter},
  title        = {The Porter Stemming Algorithm: Definition},
  year         = {2001},
  url          = {https://tartarus.org/martin/PorterStemmer/def.txt},
  note         = {Accessed: 2024-11-20}
}
@online{golang,
  author       = {The Go Authors},
  title        = {The Go Programming Language},
  url          = {https://go.dev/doc/},
  year         = {n.d.},
  urldate      = {2024-11-20}
}
@misc{bitonic_sorter,
  title        = {Bitonic sorter},
  author       = {{Wikipedia contributors}},
  year         = {2024},
  howpublished = {\url{https://en.wikipedia.org/wiki/Bitonic_sorter}},
  note         = {Accessed: 2024-12-07}
}
@misc{quicksort,
  title        = {Quicksort},
  author       = {{Wikipedia contributors}},
  year         = {2024},
  howpublished = {\url{https://en.wikipedia.org/wiki/Quicksort}},
  note         = {Accessed: 2024-12-07}
}

@misc{cobra,
  author       = {Cobra},
  title        = {Cobra - A Library for Command Line Applications in Go},
  year         = {2024},
  url          = {https://cobra.dev/},
  note         = {Accessed: 2024-12-08}
}

@misc{colly,
  title = {Colly: Fast and Elegant Scraping Framework for Golang},
  howpublished = {\url{https://go-colly.org/}},
  note = {Accessed: 2024-12-08}
}

@misc{goquery,
  title = {goquery: A Go Package for Manipulating HTML Documents},
  howpublished = {\url{https://pkg.go.dev/github.com/PuerkitoBio/goquery}},
  note = {Accessed: 2024-12-08}
}